<record><leader>00000cas a22000007a 4500</leader><controlfield tag="001">14509588</controlfield><controlfield tag="008">861023d18uu18uupauuu ne      0    0eng d</controlfield><datafield ind1=" " ind2=" " tag="010"><subfield code="a">sn 86081899 </subfield></datafield><datafield ind1=" " ind2=" " tag="040"><subfield code="a">NPH</subfield><subfield code="b">eng</subfield><subfield code="c">NPH</subfield><subfield code="d">OCLCQ</subfield></datafield><datafield ind1=" " ind2=" " tag="042"><subfield code="a">msc</subfield></datafield><datafield ind1="0" ind2="4" tag="245"><subfield code="a">The Traitors foe.</subfield></datafield><datafield ind1=" " ind2=" " tag="260"><subfield code="a">Huntingdon [Pa.] :</subfield><subfield code="b">Robert Woods</subfield></datafield><datafield ind1=" " ind2=" " tag="300"><subfield code="a">v. ;</subfield><subfield code="c">38 cm.</subfield></datafield><datafield ind1=" " ind2=" " tag="588"><subfield code="a">Description based on: Oct. 3, 1843.</subfield></datafield><datafield ind1=" " ind2=" " tag="752"><subfield code="a">United States</subfield><subfield code="b">Pennsylvania</subfield><subfield code="c">Huntingdon</subfield><subfield code="d">Huntingdon.</subfield></datafield></record>